<record><leader>00000cas a2200000 a 4500</leader><controlfield tag="001">14252720</controlfield><controlfield tag="008">860923c19819999kyudr ne      0    0eng d</controlfield><controlfield tag="009">5569</controlfield><datafield ind1=" " ind2=" " tag="010"><subfield code="a">sn 86069545 </subfield></datafield><datafield ind1=" " ind2=" " tag="040"><subfield code="a">KNP</subfield><subfield code="b">eng</subfield><subfield code="c">KNP</subfield><subfield code="d">OCL</subfield><subfield code="d">OCLCQ</subfield><subfield code="d">KYUBL</subfield><subfield code="d">OCLCQ</subfield><subfield code="d">OCLCO</subfield><subfield code="d">OCLCF</subfield></datafield><datafield ind1="1" ind2=" " tag="029"><subfield code="a">AU@</subfield><subfield code="b">000025827767</subfield></datafield><datafield ind1=" " ind2=" " tag="042"><subfield code="a">msc</subfield></datafield><datafield ind1=" " ind2=" " tag="043"><subfield code="a">n-us-ky</subfield></datafield><datafield ind1="0" ind2=" " tag="130"><subfield code="a">Times tribune (Corbin, Ky.)</subfield></datafield><datafield ind1="1" ind2="0" tag="245"><subfield code="a">Times tribune.</subfield></datafield><datafield ind1=" " ind2=" " tag="260"><subfield code="a">Corbin, Ky. :</subfield><subfield code="b">James L. Crawford,</subfield><subfield code="c">1981-</subfield></datafield><datafield ind1=" " ind2=" " tag="300"><subfield code="a">v. :</subfield><subfield code="b">ill.</subfield></datafield><datafield ind1=" " ind2=" " tag="310"><subfield code="a">Daily</subfield></datafield><datafield ind1=" " ind2=" " tag="321"><subfield code="a">Daily (except Sat.)</subfield></datafield><datafield ind1="0" ind2=" " tag="362"><subfield code="a">Vol. 89, no. 27 (Feb. 2, 1981)-</subfield></datafield><datafield ind1=" " ind2="0" tag="651"><subfield code="a">Corbin (Ky.)</subfield><subfield code="v">Newspapers.</subfield></datafield><datafield ind1=" " ind2="0" tag="651"><subfield code="a">Whitley County (Ky.)</subfield><subfield code="v">Newspapers.</subfield></datafield><datafield ind1=" " ind2="7" tag="655"><subfield code="a">Newspapers.</subfield><subfield code="2">fast</subfield><subfield code="0">(OCoLC)fst01423814</subfield></datafield><datafield ind1=" " ind2="7" tag="651"><subfield code="a">Kentucky</subfield><subfield code="z">Corbin.</subfield><subfield code="2">fast</subfield><subfield code="0">(OCoLC)fst01219603</subfield></datafield><datafield ind1=" " ind2="7" tag="651"><subfield code="a">Kentucky</subfield><subfield code="z">Whitley County.</subfield><subfield code="2">fast</subfield><subfield code="0">(OCoLC)fst01222189</subfield></datafield><datafield ind1=" " ind2=" " tag="752"><subfield code="a">United States</subfield><subfield code="b">Kentucky</subfield><subfield code="c">Whitley</subfield><subfield code="d">Corbin.</subfield></datafield><datafield ind1="0" ind2="0" tag="780"><subfield code="t">Corbin times-tribune (Corbin, Ky. : Daily)</subfield><subfield code="w">(DLC)sn 86069548</subfield></datafield></record>